<record><leader>00000cas a22000007a 4500</leader><controlfield tag="001">21062815</controlfield><controlfield tag="008">900214d18801885moudr ne      0    0eng d</controlfield><datafield ind1=" " ind2=" " tag="010"><subfield code="a">sn 90061184 </subfield></datafield><datafield ind1=" " ind2=" " tag="040"><subfield code="a">MQN</subfield><subfield code="b">eng</subfield><subfield code="c">MQN</subfield><subfield code="d">OCLCQ</subfield></datafield><datafield ind1=" " ind2=" " tag="042"><subfield code="a">msc</subfield></datafield><datafield ind1="0" ind2=" " tag="130"><subfield code="a">Daily democrat (Nevada, Mo.)</subfield></datafield><datafield ind1="1" ind2="0" tag="245"><subfield code="a">Daily democrat.</subfield></datafield><datafield ind1=" " ind2=" " tag="260"><subfield code="a">Nevada, Vernon County, Mo. :</subfield><subfield code="b">W.R. Crockett</subfield></datafield><datafield ind1=" " ind2=" " tag="300"><subfield code="a">v.</subfield></datafield><datafield ind1=" " ind2=" " tag="310"><subfield code="a">Daily</subfield></datafield><datafield ind1="1" ind2=" " tag="362"><subfield code="a">Began in 1880? Ceased in 1885?</subfield></datafield><datafield ind1=" " ind2=" " tag="588"><subfield code="a">Description based on: Vol. 1, no. 153 (Mar. 8, 1881).</subfield></datafield><datafield ind1=" " ind2=" " tag="752"><subfield code="a">United States</subfield><subfield code="b">Missouri</subfield><subfield code="c">Vernon</subfield><subfield code="d">Nevada.</subfield></datafield><datafield ind1="0" ind2=" " tag="775"><subfield code="t">Vernon County democrat (Nevada, Mo. : 1880)</subfield><subfield code="w">(DLC)sn 90061181</subfield></datafield></record>